<?xml version="1.0" encoding="UTF-8"?><collection xmlns="http://www.loc.gov/MARC21/slim"><record><leader>00423nam--2200133-i-4500</leader><controlfield tag="001">000026310</controlfield><controlfield tag="002">20161230</controlfield><controlfield tag="005">20161230201036</controlfield><controlfield tag="008">060222s1000------------r-----000-0-eng-d</controlfield><datafield ind1=" " ind2=" " tag="100"><subfield code="a">Karplus, Walter., Soroka, W.W</subfield></datafield><datafield ind1=" " ind2=" " tag="245"><subfield code="a">Analog methods. computation and simulation. second edition</subfield></datafield><datafield ind1=" " ind2=" " tag="260"><subfield code="a">New York, Mcgraw-hill Book Co., Inc., 1959, Xiii + 483p</subfield></datafield><datafield ind1=" " ind2=" " tag="490"><subfield code="a">Mcgraw-hill Series In Engineering Sciences</subfield></datafield><datafield ind1=" " ind2=" " tag="852"><subfield code="a">15999</subfield></datafield></record></collection>